@misc{LibUSB, url={https://libusb.info/}, journal={LibUSB}, title={LibUSB}} 

@misc{WebUSB, url={https://wicg.github.io/webusb/}, journal={WebUSB API}, year={2023}, month={Nov}, title={WebUSB}}

@misc{USB_in_a_NutShell, url={https://www.beyondlogic.org/usbnutshell/usb1.shtml}, journal={USB in a NutShell}, title={USB in a NutShell}}  